<record><leader>00000cas a22000007a 4500</leader><controlfield tag="001">10185687</controlfield><controlfield tag="008">831203d18441844pauwr ne      0    0eng d</controlfield><datafield ind1=" " ind2=" " tag="010"><subfield code="a">sn 83032125 </subfield></datafield><datafield ind1=" " ind2=" " tag="040"><subfield code="a">NPU</subfield><subfield code="b">eng</subfield><subfield code="c">NPU</subfield><subfield code="d">NPH</subfield><subfield code="d">NPX</subfield><subfield code="d">OCLCG</subfield><subfield code="d">OCLCQ</subfield><subfield code="d">OCLCF</subfield><subfield code="d">OCLCO</subfield></datafield><datafield ind1="1" ind2=" " tag="029"><subfield code="a">AU@</subfield><subfield code="b">000025835187</subfield></datafield><datafield ind1=" " ind2=" " tag="042"><subfield code="a">msc</subfield></datafield><datafield ind1="0" ind2=" " tag="130"><subfield code="a">Clay bugle (Harrisburg, Pa.)</subfield></datafield><datafield ind1="1" ind2="4" tag="245"><subfield code="a">The Clay bugle.</subfield></datafield><datafield ind1=" " ind2=" " tag="260"><subfield code="a">Harrisburg, Pa. :</subfield><subfield code="b">M'Curdy &amp; Knabb,</subfield><subfield code="c">1844.</subfield></datafield><datafield ind1=" " ind2=" " tag="300"><subfield code="a">1 v. :</subfield><subfield code="b">ill. ;</subfield><subfield code="c">48-50 cm.</subfield></datafield><datafield ind1=" " ind2=" " tag="310"><subfield code="a">Weekly</subfield></datafield><datafield ind1="0" ind2=" " tag="362"><subfield code="a">No. 1 (Jan. 1, 1844)-no. 42 (Oct. 24, 1844).</subfield></datafield><datafield ind1=" " ind2=" " tag="500"><subfield code="a">Whig campaign paper; supporting Henry Clay for president.</subfield></datafield><datafield ind1=" " ind2=" " tag="500"><subfield code="a">Editors: C. M'Curdy; J. Knabb.</subfield></datafield><datafield ind1="1" ind2="0" tag="600"><subfield code="a">Clay, Henry,</subfield><subfield code="d">1777-1852.</subfield></datafield><datafield ind1="1" ind2="7" tag="600"><subfield code="a">Clay, Henry,</subfield><subfield code="d">1777-1852.</subfield><subfield code="2">fast</subfield><subfield code="0">(OCoLC)fst00014376</subfield></datafield><datafield ind1="2" ind2=" " tag="710"><subfield code="a">Whig Party (Pa.)</subfield></datafield><datafield ind1=" " ind2=" " tag="752"><subfield code="a">United States</subfield><subfield code="b">Pennsylvania</subfield><subfield code="c">Dauphin</subfield><subfield code="d">Harrisburg.</subfield></datafield></record>